<?xml version="1.0" encoding="UTF-8" ?>
<collection xmlns:xsi="http://www.w3.org/2001/XMLSchema-instance" xsi:schemaLocation="http://www.loc.gov/MARC21/slim http://www.loc.gov/standards/marcxml/schema/MARC21slim.xsd" xmlns="http://www.loc.gov/MARC21/slim">
   <record>
      <leader>     cam a22      a 4500</leader>
      <controlfield tag="001">1908593</controlfield>
      <controlfield tag="003">NIC</controlfield>
      <controlfield tag="005">20140820184435.0</controlfield>
      <controlfield tag="008">910508m19559999ua            000 0 ara d</controlfield>
      <datafield tag="035" ind1=" " ind2=" ">
         <subfield code="a">(NIC)notisAJX0794</subfield>
      </datafield>
      <datafield tag="035" ind1=" " ind2=" ">
         <subfield code="a">(OCoLC)34088078</subfield>
      </datafield>
      <datafield tag="035" ind1=" " ind2=" ">
         <subfield code="a">1908593</subfield>
      </datafield>
      <datafield tag="040" ind1=" " ind2=" ">
         <subfield code="a">NIC</subfield>
         <subfield code="c">NIC</subfield>
      </datafield>
      <datafield tag="100" ind1="1" ind2=" ">
         <subfield code="a">Barakāt, ʻUmar.</subfield>
      </datafield>
      <datafield tag="245" ind1="1" ind2="0">
         <subfield code="a">Fayḍ al-Ilāh al-Mālik :</subfield>
         <subfield code="b">fī ḥall alfāẓ ʻumdat al-sālik wa-ʻuddat al-nāsik /</subfield>
         <subfield code="c">lil-ʻUmar Barakāt ibn Muḥammad Barakāt al-Shāmī al-Biqāʻī al-Makkī ; wa-bi-hāmishihi ʻUmdat al-sālik wa-ʻuddat al-nāsik ; wa-bi-asfal al-ṣulb wa-al-hāmish taqrīrāt qayyimah li-Muḥammad ʻAlī ibn Ḥusayn al-Mālikī.</subfield>
      </datafield>
      <datafield tag="260" ind1=" " ind2=" ">
         <subfield code="a">[Cairo] :</subfield>
         <subfield code="b">Yuṭlab min al-Maktabah al-Tijārīyah al-Kubrá bi-awwal shāriʻ Muḥammad ʻAlī bi-Miṣr ;</subfield>
         <subfield code="b">Maktabat al-Istiqāmah,</subfield>
         <subfield code="c">1955.</subfield>
      </datafield>
      <datafield tag="300" ind1=" " ind2=" ">
         <subfield code="a">2 v. in 1 ;</subfield>
         <subfield code="c">29 cm.</subfield>
      </datafield>
      <datafield tag="650" ind1=" " ind2="0">
         <subfield code="a">Islamic law.</subfield>
      </datafield>
      <datafield tag="650" ind1=" " ind2="0">
         <subfield code="a">Shafiites.</subfield>
      </datafield>
      <datafield tag="700" ind1="1" ind2=" ">
         <subfield code="a">Muḥammad ʻAlī ibn Ḥusayn al-Mālikī,</subfield>
         <subfield code="d">1870-1948.</subfield>
      </datafield>
      <datafield tag="700" ind1="1" ind2="2">
         <subfield code="a">Ibn al-Naqīb, Aḥmad ibn Luʼluʼ,</subfield>
         <subfield code="d">-1368.</subfield>
         <subfield code="t">ʻUmdat al-Sālik wa-ʻuddat al-nāsik.</subfield>
         <subfield code="f">1980.</subfield>
      </datafield>
      <datafield tag="905" ind1=" " ind2=" ">
         <subfield code="a">19930914120000.0</subfield>
      </datafield>
      <datafield tag="903" ind1=" " ind2=" ">
         <subfield code="a">NYUACO</subfield>
         <subfield code="d">20141028</subfield>
         <subfield code="p">31924068104581</subfield>
      </datafield>
      <datafield tag="950" ind1=" " ind2=" ">
         <subfield code="a">+</subfield>
         <subfield code="b">KBL .B23</subfield>
         <subfield code="v"> </subfield>
      </datafield>
   </record>
</collection>
